@article{Rew:1990,
  title = {{{NetCDF}}: {{An}} {{Interface}} for {{Scientific}} {{Data}} {{Access}}},
  volume = 10,
  issn = {0272-1716},
  doi = {10.1109/38.56302},
  timestamp = {2016-05-10T13:03:14Z},
  number = {4},
  journal = {IEEE Computer Graphics and Applications},
  author = {{Rew}, R. and {Davis}, G.},
  month = jul,
  year = 1990,
  pages = {76--82},
}

@inproceedings{Rew:2006,
  author = {{Rew}, R. and {Hartnett}, E. and {Caron}, J.},
  title = {{{NetCDF}}-4: {{Software}} {{Implementing}} an {{Enhanced}} {{Data}} {{Model}} for the {{Geosciences}}},
  booktitle = {22nd {{International}} {{Conference}} on {{Interactive}} {{Information}} {{Processing}} {{Systems}} for {{Meteorology}}, {{Oceanography}}, and {{Hydrology}}},
  publisher = {{AMS}},
  year = 2006,
  venue = {Atlanta, USA},
  urldate = {2020-07-27},
  url = {https://www.unidata.ucar.edu/software/netcdf/papers/2006-ams.pdf}
}

@article{Hassell:2017,
  author = {{Hassell}, D. and {Gregory}, J. and {Blower}, J. and {Lawrence}, B. N. and {Taylor}, K. E.},
  title = {A data model of the {{Climate}} and {{Forecast}} metadata conventions ({{CF-1.6}}) with a software implementation ({{cf-python}} v2.1)},
  journal = {Geoscientific Model Development},
  volume = 10,
  year = 2017,
  number = 12,
  pages = {4619--4646},
  urldate = {2020-07-27},
  url = {https://www.geosci-model-dev.net/10/4619/2017/},
  doi = {10.5194/gmd-10-4619-2017}
}

@misc{Eaton:2020,
  title = {{{NetCDF Climate}} and {{Forecast}} ({{CF}}) {{Metadata Conventions v1}}.8},
  publisher = {{CF Conventions Committee}},
  author = {{Eaton}, Brian and {Gregory}, Jonathan and {Drach}, Bob and {Taylor}, Karl and {Hankin}, Steve and {Caron}, John and {Signell}, Rich and {Bentley}, Phil and {Rappa}, Greg and {H{\"o}ck}, Heinke and {Pamment}, Alison and {Juckes}, Martin and {Raspaud}, Martin and {Horne}, Randy and {Whiteaker}, Timothy and {Blodgett}, David and {Zender}, Charlie and {Lee}, Daniel},
  month = feb,
  year = 2020,
  urldate = {2020-07-27},
  url = {http://cfconventions.org/Data/cf-conventions/cf-conventions-1.8/cf-conventions.html},
}

@software{Hassell2:2020,
  author       = {{Hassell}, D. and {Gregory}, J.},
  title        = {{{cf-python}}: A {{CF}}-compliant {{Earth}} {{Science}} data analysis library},
  month        = jul,
  year         = 2020,
  publisher    = {Zenodo},
  version      = {3.6.0},
  doi          = {10.5281/zenodo.832255},
  urldate      = {2020-07-27},
  url          = {https://doi.org/10.5281/zenodo.832255}
}

@book{Gamma:1995,
  author = {{Gamma}, Erich and {Helm}, Richard and {Johnson}, Ralph and {Vlissides}, John},
  title = {Design {{Patterns}}: {{Elements}} of {{Reusable}} {{Object-Oriented}} {{Software}}},
  year = {1995},
  isbn = {0201633612},
  publisher = {Addison-Wesley Longman Publishing Co., Inc.},
  address = {USA}
}

@software{Hassell:2020,
  author       = {{Hassell}, D. and {Bartholomew}, S. L.},
  title        = {{{cfdm}}: A {{Python}} reference implementation of the {{CF}} data model},
  month        = oct,
  year         = 2020,
  publisher    = {Zenodo},
  version      = {1.8.7.0},
  doi          = {10.5281/zenodo.4075077},
  urldate      = {2020-07-27},
  url          = {https://doi.org/10.5281/zenodo.4075077}
}

@article{Juckes:2020,
  author = {{Juckes}, M. and {Taylor}, K. E. and {Durack}, P. J. and {Lawrence}, B. and {Mizielinski}, M. S. and {Pamment}, A. and {Peterschmitt}, J.-Y. and {Rixen}, M. and {S\'en\'esi}, S.},
  title = {The {{CMIP6}} {{Data}} {{Request}} ({{DREQ}}, version 01.00.31)},
  journal = {Geoscientific Model Development},
  volume = {13},
  year = {2020},
  number = {1},
  pages = {201--224},
  urldate = {2020-07-27},
  url = {https://www.geosci-model-dev.net/13/201/2020/},
  doi = {10.5194/gmd-13-201-2020}
}

@article{Eyring:2016,
  author = {{Eyring}, V. and {Bony}, S. and {Meehl}, G. A. and {Senior}, C. A. and {Stevens}, B. and {Stouffer}, R. J. and {Taylor}, K. E.},
  title = {Overview of the {{Coupled}} {{Model}} {{Intercomparison}} {{Project}} {{Phase}} 6 ({{CMIP6}})
  experimental design and organization},
  journal = {Geoscientific Model Development},
  volume = {9},
  year = {2016},
  number = {5},
  pages = {1937--1958},
  urldate = {2020-07-27},
  url = {https://www.geosci-model-dev.net/9/1937/2016/},
  doi = {10.5194/gmd-9-1937-2016}
}

@book{iso19125:2004,
  address = {Geneva},
  title = {{{ISO 19125}}: {{Geographic}} {{Information}} -- {{Simple}} feature access -- {{Part}} 1: {{Common}} architecture},
  publisher = {{ISO}},
  author = {{International Standards Organisation}},
  year = {2004},
}

